<record xmlns="http://www.loc.gov/MARC21/slim" xmlns:xsi="http://www.w3.org/2001/XMLSchema-instance" xsi:schemaLocation="http://www.loc.gov/MARC21/slim http://www.loc.gov/standards/marcxml/schema/MARC21slim.xsd">

  <leader>00589nam a2200181Ia 4500</leader>
  <datafield ind2=" " tag="999" ind1=" ">
    <subfield code="c">2263</subfield>
    <subfield code="d">2263</subfield>
  </datafield>
  <controlfield tag="008">180706b2       C  ||||| |||| 00| | spa d</controlfield>
  <datafield ind1=" " ind2=" " tag="090">
    <subfield code="a">18.08.01 </subfield>
    <subfield code="b">1189</subfield>
  </datafield>
  <datafield ind2=" " tag="100" ind1=" ">
    <subfield code="a">Camacho Álvarez, María Marta</subfield>
    <subfield code="9">3255</subfield>
  </datafield>
  <datafield ind1="1" ind2="0" tag="245">
    <subfield code="a">Educación Matemática para la Educación Preescolar / </subfield>
    <subfield code="c">María Marta Camacho Alvarez</subfield>
  </datafield>
  <datafield ind1=" " tag="260" ind2=" ">
    <subfield code="a">San José, Costa Rica. : </subfield>
    <subfield code="b">INIE, </subfield>
    <subfield code="c">2004</subfield>
  </datafield>
  <datafield ind1=" " tag="300" ind2=" ">
    <subfield code="a">157</subfield>
  </datafield>
  <datafield ind1=" " ind2=" " tag="500">
    <subfield code="a">157 páginas</subfield>
  </datafield>
  <datafield ind2="4" tag="650" ind1="1">
    <subfield code="a">EDUCACIÓN PREESCOLAR</subfield>
    <subfield code="9">455</subfield>
  </datafield>
  <datafield ind2="4" tag="650" ind1="1">
    <subfield code="a">MATEMÁTICAS  </subfield>
    <subfield code="9">482</subfield>
  </datafield>
  <datafield tag="650" ind2="4" ind1="1">
    <subfield code="a">PROYECTO DE INVESTIGACION</subfield>
    <subfield code="9">3951</subfield>
  </datafield>
  <datafield ind2="4" tag="650" ind1="1">
    <subfield code="a">FORMACIÓN DE DOCENTES</subfield>
    <subfield code="9">9</subfield>
  </datafield>
  <datafield ind1=" " ind2=" " tag="942">
    <subfield code="2">z</subfield>
    <subfield code="c">04</subfield>
  </datafield>
</record>